<?xml version="1.0" encoding="UTF-8"?><collection xmlns="http://www.loc.gov/MARC21/slim"><record><leader>00576nam--2200181-i-4500</leader><controlfield tag="001">000012635</controlfield><controlfield tag="002">20161230</controlfield><controlfield tag="005">20161230201029</controlfield><controlfield tag="008">060222s1000------------r-----000-0-eng-d</controlfield><datafield ind1=" " ind2=" " tag="040"><subfield code="a">IFIN-HH</subfield></datafield><datafield ind1=" " ind2=" " tag="080"><subfield code="a">533.9:539.231:539.12](061.3)</subfield></datafield><datafield ind1="1" ind2=" " tag="100"><subfield code="a">Behrisch, R</subfield></datafield><datafield ind1="1" ind2="0" tag="245"><subfield code="a">Ion Surface Interaction, Sputtering and Related Phenomena</subfield><subfield code="c">R. Behrisch, W. Heiland, W. Poschenrieder, P. Staib, H. Verbeek (Eds.)</subfield></datafield><datafield ind1=" " ind2=" " tag="260"><subfield code="a">London</subfield><subfield code="b">Gordon and Breach Science Publishers</subfield><subfield code="c">1973</subfield></datafield><datafield ind1=" " ind2=" " tag="300"><subfield code="a">319 p</subfield></datafield><datafield ind1="1" ind2=" " tag="700"><subfield code="a">Verbeek , H</subfield></datafield><datafield ind1=" " ind2=" " tag="852"><subfield code="a">43060</subfield><subfield code="c">533.9</subfield></datafield><datafield ind1=" " ind2=" " tag="CAT"><subfield code="a">Sys</subfield><subfield code="c">20100927</subfield><subfield code="h">140521</subfield></datafield></record></collection>